    @BOOK{Pravidla,
      author =       "{Kolektiv autor�}",
      title =        "Pravidla �esk�ho pravopisu",
      publisher =    "Academia",
      year =         "2005",
      note =         "ISBN~80-200-1327-X",
    }
    
    @BOOK{Knuth,
      author =       "Donald E. Knuth",
      title =        "The {\TeX}book",
      publisher =    "Addison-Wesley Publishing Company",
      year =         "1996",
      note =         "ISBN~0-201-13447-0",
    }
    
    @BOOK{Rybicka,
      author =       "Ji�� Rybi�ka",
      title =        "{\LaTeX} pro za��te�n�ky",
      publisher =    "Konvoj",
      year =         "1999",
      note =         "ISBN~80-85615-77-0",
    }

    @BOOK{Olsak,
      author =       "Petr Ol��k",
      title =        "{\TeX}book naruby",
      publisher =    "Konvoj",
      year =         "2001",
      note =         "ISBN~80-7302-0007-6",
    }

    @BOOK{Eikh,
      author =       "Victor Eikhout",
      title =        "{\TeX}by Topics, a {\TeX}nitian's Reference ",
      publisher =    "Addison-Wesley UK",
      year =         "2001",
      note =         "ISBN~0-201-56882-9",
    }

   @MISC{cstugWeb,
      author =       "{WWW str�nky}",  
      title =        "�eskoslovensk� sdru�en� u�ivatel� {\TeX}u",
      howpublished=  "{\tt http://www.cstug.cz}",
   }

   @MISC{fitWeb,
      author =       "Z. R�bov� and P. Han��ek and P. Peringer and P. P�ikryl and B. K�ena",  
      title =        "U�ite�n� rady pro psan� odborn�ho textu [online]",
      publisher =    "FIT VUT v Brn�",
      year =         "2008-11-01 [cit. 2008-11-28]",
      howpublished=  "{\tt http://www.fit.vutbr.cz/info/statnice/psani\_textu.html}",
   }

 @MISC{surveyWalk,
      howpublished=  "{\tt http://www-ljk.imag.fr/Publications/Basilic/com.lmc.publi.PUBLI\_Article@1172c0fd434\_716922/survey.pdf}",
   }

 @MISC{survey,
      howpublished=  "{\tt
http://www.cs.uu.nl/docs/vakken/mssw/papers/STAR/Real\%20Time\%20Animation\%20of\%20Virtual\%20Humans\%20-\%20A\%20Trade-off\%20Between\%20Naturalness\%20and\%20Control.pdf}",
   }

 @MISC{skinningMethods,
      howpublished=  "{\tt http://skinning.org/direct-methods.pdf}",
   }

 @MISC{bindPose,
      howpublished=  "{\tt http://ruh.li/AnimationVertexSkinning.html}",
   }

@ARTICLE{dualQuat,
  AUTHOR       = {Ladislav Kavan and Steven Collins and Jiri Zara and Carol O'Sullivan},
  TITLE        = {Geometric Skinning with Approximate Dual Quaternion Blending},
  JOURNAL      = {ACM Trans. Graph.},
  VOLUME       = {27},
  NUMBER       = {4},
  YEAR         = {2008},
  PUBLISHER    = {ACM Press},
  PAGES        = {105},
  ADDRESS      = {New York, NY, USA},
}

 @MISC{envelopes,
      howpublished=  "{\tt http://wiki.blender.org/index.php/Doc:2.4/Manual/Rigging/Skinning/ObData}",
   }

 @MISC{motion_capture,
      howpublished=  "{\tt http://graphics.berkeley.edu/papers/Kirk-SPE-2005-06/Kirk-SPE-2005-06.pdf}",
   }

 @MISC{bruderlin,
      howpublished=  "{\tt http://graphicsinterface.org/wp-content/uploads/gi1993-3.pdf}",
   }

 @MISC{chung,
      howpublished=  "{\tt http://citeseerx.ist.psu.edu/viewdoc/download?doi=10.1.1.46.6017\&rep=rep1\&type=pdf}",
   }