% Encoding: UTF-8

@Online{analytic_IK,
  howpublished = {[online]},
  title =        {Inverse Kinematics (two joints) for foot placement},
  url =          {{http://www.gamasutra.com/view/news/129168/Inverse_Kinematics_two_joints_for_foot_placement.php}},
  year =         {2012}
}

@techreport{AristidouTR632,
  author      = {Aristidou, Andreas and Lasenby, Joan},
  title       = {Inverse Kinematics: a review of existing techniques and introduction of a new fast iterative solver},
  institution = {Department of Information Engineering, University of Cambridge},
  number      = {CUEDF-INFENG, TR-632},
  month       = {September},
  year        = {2009}
}

@Online{bezier_primer,
  author =       {Mike Kamermans},
  howpublished = {[online]},
  title =        {A Primer on Bézier Curves},
  url =          {{http://pomax.github.io/bezierinfo/}},
  year =         {2011-2016}
}

 @MISC{bindPose,
  title = "Vertex Skinning",
	howpublished = "[online]",
      url=  "{http://ruh.li/AnimationVertexSkinning.html}",
   }

@Misc{biomechanika_chuze,
  title =        {Biomechanika chůze},
  howpublished = {[online]},
  url =          {{http://ftk.upol.cz/fileadmin/user_upload/FTK-katedry/biomechanika/BIAP_Chuze.pdf}}
}

@conference {bruderlin,
	title = {Interactive animation of personalized human locomotion},
	booktitle = {Proceedings of Graphics Interface {\textquoteright}93},
	year = {1993},
	pages = {17{\textendash}23},
	publisher = {Canadian Information Processing Society},
	organization = {Canadian Information Processing Society},
	address = {Toronto, Ontario, Canada},
	author = {Armin Bruderlin and Tom Calvert}
}

@MISC{Buss09introductionto,
    author = {Samuel R. Buss},
    title = {Introduction to inverse kinematics with Jacobian transpose, pseudoinverse and damped least squares methods },
    year = {2009}
}

@Article{ceccato2009comparison,
  author =    {Ceccato, Jean-Charles and De S{\`e}ze, Mathieu and Azevedo, Christine and Cazalets, Jean-Ren{\'e}},
  title =     {Comparison of trunk activity during gait initiation and walking in humans},
  journal =   {PLoS One},
  year =      {2009},
  volume =    {4},
  number =    {12},
  pages =     {e8193},
  publisher = {Public Library of Science}
}

@inproceedings{chung,
 author = {Chung, Shih-kai and Hahn, James K.},
 title = {Animation of Human Walking in Virtual Environments},
 booktitle = {Proceedings of the Computer Animation},
 series = {CA '99},
 year = {1999},
 isbn = {0-7695-0167-2},
 pages = {4--},
 acmid = {791557},
 publisher = {IEEE Computer Society},
 address = {Washington, DC, USA},
}

@Article{DadashiMarianiRochatEtAl2014,
  author =   {Dadashi, Farzin and Mariani, Benoit and Rochat, Stephane and BĂĽla, Christophe J. and Santos-Eggimann, Brigitte and Aminian, Kamiar},
  title =    {Gait and Foot Clearance Parameters Obtained Using Shoe-Worn Inertial Sensors in a Large-Population Sample of Older Adults},
  journal =  {Sensors},
  year =     {2014},
  volume =   {14},
  number =   {1},
  pages =    {443},
  doi =      {10.3390/s140100443},
  issn =     {1424-8220},
  pubmedid = {24379049}
}

@ARTICLE{dualQuat,
  AUTHOR       = {Ladislav Kavan and Steven Collins and Jiri Zara and Carol O'Sullivan},
  TITLE        = {Geometric Skinning with Approximate Dual Quaternion Blending},
  JOURNAL      = {ACM Trans. Graph.},
  VOLUME       = {27},
  NUMBER       = {4},
  YEAR         = {2008},
  PUBLISHER    = {ACM Press},
  PAGES        = {105},
  ADDRESS      = {New York, NY, USA},
}

 @MISC{envelopes,
  title = "Blender Wiki: Skinning to Shapes",
	howpublished = "[online]",
      url=  "{http://wiki.blender.org/index.php/Doc:2.4/Manual/Rigging/Skinning/ObData}",
   }

 @MISC{gait_img,
  title = "Physiopedia: Gait in prosthetic rehabilitation",
	author = "Abby Cain",
howpublished = "[online]",
      url=  "{http://www.physio-pedia.com/Gait_in_prosthetic_rehabilitation}",
   }

@ARTICLE{gait_review,
	author = "A. Kharb, V. Saini, Y. K. Jain and S. Dhiman",
	title = "A review of gait cycle and its parameters",
	journal = "Int. J. Comput. Eng. Manag.",
	year = "2011",
	volume = "13",
	pages = "78-83",
}

@Article{lin2014quantitative,
  author =    {Lin, Yi-Chung and Gfoehler, Margit and Pandy, Marcus G},
  title =     {Quantitative evaluation of the major determinants of human gait},
  journal =   {Journal of biomechanics},
  year =      {2014},
  volume =    {47},
  number =    {6},
  pages =     {1324--1331},
  publisher = {Elsevier}
}

 @online{male_mesh,
      author =       "{Paul Chen}",  
  title = "Male Base Mesh",
	howpublished = "[online]",
year = "2015",
      url=  "{http://tf3dm.com/3d-model/male-base-mesh-6682.html}",
   }

@Misc{midPoint,
  author =       {Paul Martz},
  title =        {Generating Random Fractal Terrain},
  howpublished = {[online]},
  url =          {{http://www.gameprogrammer.com/fractal.html}}
}

@INPROCEEDINGS{motion_capture, 
author={Kirk, A.G. and O'Brien, J.F. and Forsyth, D.A.}, 
booktitle={Computer Vision and Pattern Recognition, 2005. CVPR 2005. IEEE Computer Society Conference on}, 
title={Skeletal parameter estimation from optical motion capture data}, 
year={2005}, 
volume={2}, 
pages={1185 vol. 2-}, 
doi={10.1109/CVPR.2005.327}, 
ISSN={1063-6919}, 
month={June},}

@Article{orendurff2004effect,
  author =    {Orendurff, Michael S and Segal, Ava D and Klute, Glenn K and Berge, Jocelyn S and others},
  title =     {The effect of walking speed on center of mass displacement},
  journal =   {Journal of rehabilitation research and development},
  year =      {2004},
  volume =    {41},
  number =    {6A},
  pages =     {829},
  publisher = {Superintendent of Documents}
}

@inproceedings{skinningMethods,
  author = {Alec Jacobson and Zhigang Deng and Ladislav Kavan and JP Lewis},
  title = {Skinning: Real-time Shape Deformation},
  booktitle = {ACM SIGGRAPH 2014 Courses},
  year = {2014},
}

@article {survey,
author = {Van Welbergen, H. and Van Basten, B. J. H. and Egges, A. and Ruttkay, Zs. M. and Overmars, M. H.},
title = {Real Time Animation of Virtual Humans: A Trade-off Between Naturalness and Control},
journal = {Computer Graphics Forum},
volume = {29},
number = {8},
publisher = {Blackwell Publishing Ltd},
issn = {1467-8659},
doi = {10.1111/j.1467-8659.2010.01822.x},
pages = {2530--2554},
keywords = {real-time animation, naturalness, control, I.3.7 [Three-Dimensional Graphics and Realism]: Animation},
year = {2010},
}

@MISC{surveyWalk,
    author = {Franck Multon and Laure France and Marie-Paule Cani-Gascuel and Gilles Debunne},
    title = {Computer Animation of Human Walking: a Survey},
    year = {1999}
}

 @MISC{venom,
  title = "Venom joker rigged",
howpublished = "[online]",
year = "2012",
      url=  "{http://tf3dm.com/3d-model/venom-joker-rigged-36682.html}",
   } 

@mastersthesis{welman,
    author = {Welman, Chris},
    school = {Simon Frasor University},
    title = {{Inverse kinematics and geometric constraints for articulated figure manipulation}},
    year = {1993}
}



